%%%%%%%%%%%%%%%%%%%%%
% REFERENCES
%%%%%%%%%%%%%%%%%%%%%

% @article{einstein,
%     author = "Albert Einstein",
%     title = "{Zur Elektrodynamik bewegter K{\"o}rper}. ({German})
%     [{On} the electrodynamics of moving bodies]",
%     journal = "Annalen der Physik",
%     volume = "322",
%     number = "10",
%     pages = "891--921",
%     year = "1905",
%     DOI = "http://dx.doi.org/10.1002/andp.19053221004",
%     keywords = "physics"
% }

% @book{dirac,
%     title = {The Principles of Quantum Mechanics},
%     author = {Paul Adrien Maurice Dirac},
%     isbn = {9780198520115},
%     series = {International series of monographs on physics},
%     year = {1981},
%     publisher = {Clarendon Press},
%     keywords = {physics}
% }

% @online{knuthwebsite,
%     author = "Donald Knuth",
%     title = "Knuth: Computers and Typesetting",
%     url  = "http://www-cs-faculty.stanford.edu/~uno/abcde.html",
%     addendum = "(accessed: 01.09.2016)",
%     keywords = "latex,knuth"
% }

% @inbook{knuth-fa,
%     author = "Donald E. Knuth",
%     title = "Fundamental Algorithms",
%     publisher = "Addison-Wesley",
%     year = "1973",
%     chapter = "1.2",
%     keywords  = "knuth,programming"
% }

%@manual{ti:,
%    organization  = "Texas Instruments",
%    title         = "Analysis of the Sallen-Key Architecture",
%    number        = "SLOA024B",
%    year          =  1999,
%    month         =  7,    
%    note          = "Rev. O"
%}

@manual{ti:sloa024b,
    organization  = "Texas Instruments",
    title         = "Analysis of the Sallen-Key Architecture",
    number        = "SLOA024B",
    year          =  1999,
    month         =  7
}

@manual{ir:dt04-04,
    organization  = "International Rectifier",
    title         = "Using Monolithic High Voltage Gate Drivers",
    number        = "DT04-04"
}

@manual{ir:an-978,
    organization  = "International Rectifier",
    title         = "HV Floating MOS-Gate Driver ICs",
    number        = "AN-978",
    year          =  2007,
    month         =  3,
    note          = "Rev. D"
}

@article{control-lic,
    author={M. A. {Herrán} and J. R. {Fischer} and S. A. {González} and M. G. {Judewicz} and I. {Carugati} and D. O. {Carrica}},
    journal={IEEE Journal of Emerging and Selected Topics in Power Electronics}, 
    title={Repetitive Control With Adaptive Sampling Frequency for Wind Power Generation Systems}, 
    year={2014},
    volume={2},
    number={1},
    pages={58-69},
    doi={10.1109/JESTPE.2013.2290572}
}

@article{msdft-paper,
  author={C. M. {Orallo} and I. {Carugati} and S. {Maestri} and P. G. {Donato} and D. {Carrica} and M. {Benedetti}},
  journal={IEEE Transactions on Instrumentation and Measurement}, 
  title={Harmonics Measurement With a Modulated Sliding Discrete Fourier Transform Algorithm}, 
  year={2014},
  volume={63},
  number={4},
  pages={781-793},
  doi={10.1109/TIM.2013.2287801}}

@book{zhou-control,
    title = {Periodic control of power electronic converters},
    author = {Zhou et al.},
    isbn = {978-1-84919-932-2},
    year = {2016},
    publisher = {The Institution of Engineering and Technology}
}